@misc{repo,
    title = {Mari0 multi agent environment},
    year = {2022},
    note = {[Online]. Disponible en: \url{https://github.com/elCrespo16/mari0-marl-env} (consulta: 2022-04-15)}
}

@misc{pygame,
    title = {PyGame},
    year = {2022},
    note = {[Online]. Disponible en: \url{https://www.pygame.org/news} (consulta: 2022-04-10)}
}

@misc{rabbitmq,
    title = {RabbitMQ},
    year = {2022},
    note = {[Online]. Disponible en: \url{https://www.rabbitmq.com/} (consulta: 2022-03-12)}
}



@misc{muphen,
    title = {gym-mupen64plus},
    year = {2022},
    note = {[Online]. Disponible en: \url{https://github.com/bzier/gym-mupen64plus} (consulta: 2022-04-15)}
}

@misc{xvfb,
    title = {Xvfb},
    year = {2022},
    note = {[Online]. Disponible en: \url{https://www.x.org/releases/X11R7.6/doc/man/man1/Xvfb.1.xhtml} (consulta: 2022-04-10)}
}

@misc{xvfb-wikipedia,
    title = {Xvfb},
    year = {2022},
    note = {[Online]. Disponible en: \url{https://es.wikipedia.org/wiki/Xvfb} (consulta: 2022-03-16)}
}

@misc{mss,
    title = {Mss},
    year = {2022},
    note = {[Online]. Disponible en: \url{https://python-mss.readthedocs.io/} (consulta: 2022-03-20)}
}


@misc{level-based-repo,
    title = {Level-Based Foraging Environment},
    year = {2022},
    note = {[Online]. Disponible en: \url{https://github.com/uoe-agents/lb-foraging} (consulta: 2022-03-12)}
}

@misc{mari0,
    title = {Mari0},
    year = {2022},
    note = {[Online]. Disponible en: \url{https://stabyourself.net/mari0/} (consulta: 2022-03-12)}
}

@misc{mari0-forum,
    title = {Mari0 - Forum},
    year = {2022},
    note = {[Online]. Disponible en: \url{https://forum.stabyourself.net/} (consulta: 2022-04-01)}
}

@misc{mari0-mapa,
    title = {Mari0 - Bowser Cooperative Testing Initiative},
    year = {2022},
    note = {[Online]. Disponible en: \url{https://forum.stabyourself.net/viewtopic.php?f=12&t=3802} (consulta: 2022-04-05)}
}

@misc{wesnoth,
    title = {The Battle for Wesnoth},
    year = {2022},
    note = {[Online]. Disponible en: \url{https://www.wesnoth.org/} (consulta: 2022-03-25)}
}

@misc{sol-standard,
    title = {Sol Standard},
    year = {2022},
    note = {[Online]. Disponible en: \url{https://solstandard.talberon.com/home} (consulta: 2022-03-25)}
}

@misc{ysoccer,
    title = {YSoccer},
    year = {2022},
    note = {[Online]. Disponible en: \url{http://ysoccer.sourceforge.net/index.html} (consulta: 2022-03-25)}
}

@misc{overcooked,
    title = {overcooked},
    year = {2022},
    note = {[Online]. Disponible en: \url{https://github.com/HumanCompatibleAI/overcooked_ai} (consulta: 2022-03-25)}
}


@misc{teeworlds,
    title = {Teeworlds},
    year = {2022},
    note = {[Online]. Disponible en: \url{https://www.teeworlds.com/} (consulta: 2022-03-25)}
}

@misc{flatland-repo,
    title = {Flatland},
    year = {2022},
    note = {[Online]. Disponible en: \url{https://flatland.aicrowd.com/intro.html} (consulta: 2022-03-25)}
}

@misc{deepmind-repo,
    title = {DeepMind Lab},
    year = {2022},
    note = {[Online]. Disponible en: \url{https://github.com/deepmind/lab} (consulta: 2022-03-25)}
}

@misc{derk-repo,
    title = {Derk’s Gym},
    year = {2022},
    note = {[Online]. Disponible en: \url{http://docs.gym.derkgame.com/} (consulta: 2022-03-25)}
}

@misc{hanabi-repo,
    title = {Hanabi},
    year = {2022},
    note = {[Online]. Disponible en: \url{https://github.com/deepmind/hanabi-learning-environment} (consulta: 2022-03-25)}
}

@misc{openspiel-repo,
    title = {OpenSpiel},
    year = {2022},
    note = {[Online]. Disponible en: \url{https://github.com/deepmind/open_spiel/blob/master/docs/intro.md} (consulta: 2022-03-25)}
}

@misc{megastep-repo,
    title = {Megastep},
    year = {2022},
    note = {[Online]. Disponible en: \url{https://andyljones.com/megastep/} (consulta: 2022-03-25)}
}

@misc{starcraft-repo,
    title = {StarCraft Multi-Agent Challenge},
    year = {2022},
    note = {[Online]. Disponible en: \url{https://github.com/oxwhirl/smac} (consulta: 2022-03-25)}
}

@misc{pommerman-repo,
    title = {Pommerman},
    year = {2022},
    note = {[Online]. Disponible en: \url{https://github.com/MultiAgentLearning/playground} (consulta: 2022-03-25)}
}

@misc{trinity-repo,
    title = {TrinityCore},
    year = {2022},
    note = {[Online]. Disponible en: \url{https://www.trinitycore.org/} (consulta: 2022-03-25)}
}

@misc{petting-repo,
    title = {PettingZoo},
    year = {2022},
    note = {[Online]. Disponible en: \url{https://www.pettingzoo.ml/#} (consulta: 2022-03-12)}
}

@misc{multicar-repo,
      title={Deep Latent Competition: Learning to Race Using Visual Control Policies in Latent Space}, 
      author={Wilko Schwarting and Tim Seyde and Igor Gilitschenski and Lucas Liebenwein and Ryan Sander and Sertac Karaman and Daniela Rus},
      year={2021},
      eprint={2102.09812},
      archivePrefix={arXiv},
      primaryClass={cs.LG}
}

@misc{car-repo,
    title = {CarRacing-v0},
    year = {2022},
    note = {[Online]. Disponible en: \url{https://gym.openai.com/envs/CarRacing-v0/} (consulta: 2022-03-25)}
}

@misc{transporter-repo,
    title = {Multi-Agent-Transporters},
    year = {2022},
    note = {[Online]. Disponible en: \url{https://github.com/M-Lin-DM/Multi-Agent-Transporters} (consulta: 2022-03-12)}
}

@inproceedings{jiang-repo,
 title={Multi-agent reinforcement learning with directed exploration and selective memory reuse},
 author={Jiang, Shuo and Amato, Christopher},
 booktitle={Proceedings of the 36th Annual ACM Symposium on Applied Computing},
 pages={777--784},
 year={2021}
}


@misc{particle-repo,
    title = {Multi-Agent Particle Environment},
    year = {2022},
    note = {[Online]. Disponible en: \url{https://www.pettingzoo.ml/mpe} (consulta: 2022-03-25)}
}

@misc{neural-mmo-repo,
    title = {Neural MMO: A Massively Multiagent Game Environment for Training and Evaluating Intelligent Agents},
    year = {2022},
    note = {[Online]. Disponible en: \url{https://github.com/openai/neural-mmo} (consulta: 2022-03-12)}
}

@misc{warehouse-repo,
    title = {Multi-robot Warehouse Environment},
    year = {2022},
    note = {[Online]. Disponible en: \url{https://github.com/semitable/robotic-warehouse} (consulta: 2022-03-25)}
}

@misc{pressure-repo,
    title = {PressurePlate Environment},
    year = {2022},
    note = {[Online]. Disponible en: \url{https://github.com/uoe-agents/pressureplate} (consulta: 2022-03-25)}
}

@misc{openia,
    title = {openIA},
    year = {2022},
    note = {[Online]. Disponible en: \url{https://openai.com/} (consulta: 2022-03-12)}

}

@misc{deepmind,
    title = {DeepMind},
    year = {2022},
    note = {[Online]. Disponible en: \url{https://deepmind.com/} (consulta: 2022-03-12)}
}


@misc{alphago,
    title = {AlphaGo},
    year = {2022},
    note = {[Online]. Disponible en: \url{https://deepmind.com/research/case-studies/alphago-the-story-so-far} (consulta: 2022-03-12)}
}

@misc{bsc-hpai,
    title = {High Performance Artificial Intelligence},
    year = {2022},
    note = {[Online]. Disponible en: \url{https://www.bsc.es/discover-bsc/organisation/scientific-structure/high-performance-artificial-intelligence} (consulta: 2022-03-12)}
}

@misc{hpai,
    title = {High Performance Artificial Intelligence research group},
    year = {2022},
    note = {[Online]. Disponible en: \url{https://hpai.bsc.es/} (consulta: 2022-03-12)}
}

@misc{scrum,
    title = {Precio de la luz por horas},
    year = {2022},
    note = {[Online]. Disponible en: \url{https://www.scrum.org/} (consulta: 2022-03-12)}
}

@misc{precioLuz,
    title = {Precio de la luz por horas},
    year = {2022},
    note = {[Online]. Disponible en: \url{https://tarifaluzhora.es/} (consulta: 2022-03-12)}
}

@misc{coste_ordenador,
    title = {Qué impacto tiene tu PC en el medio ambiente},
    year = {2022},
    note = {[Online]. Disponible en: \url{https://www.reketec.com/blog/reketec-1/post/que-impacto-tiene-tu-pc-en-el-medio-ambiente-20} (consulta: 2022-03-12)}
}

@misc{ikea,
    title = {Ikea},
    year = {2022},
    note = {[Online]. Disponible en: \url{https://www.ikea.com/} (consulta: 2022-03-12)}
}

@misc{oficinas,
    title = {Idealista},
    year = {2022},
    note = {[Online]. Disponible en: \url{https://www.idealista.com/alquiler-locales/barcelona-barcelona/} (consulta: 2022-03-12)}
}

@misc{mediamark,
    title = {Mediamark},
    year = {2022},
    note = {[Online]. Disponible en: \url{https://www.mediamarkt.es/} (consulta: 2022-03-12)}
}

@misc{pagePersonel,
    title = {PagePersonnel},
    year = {2022},
    note = {[Online]. Disponible en: \url{https://www.pagepersonnel.es/} (consulta: 2022-03-12)}
}

@misc{glassdoor,
    title = {GlassDoor},
    year = {2022},
    note = {[Online]. Disponible en: \url{https://www.glassdoor.es/} (consulta: 2022-03-12)}
}


@misc{fib_tfg,
    author = {https://www.fib.upc.edu/ca/estudis/graus/grau-en-enginyeria-informatica/treball-de-fi-de-grau},
    title = {Treball de Fi de Grau},
    year = {2022},
    note = {[Online]. Disponible en: \url{https://www.fib.upc.edu/ca/estudis/graus/grau-en-enginyeria-informatica/treball-de-fi-de-grau}(consulta: 2022-03-12)}
}

@misc{RL_esquema,
    author = {Alejandro Delgado},
    title = {Innovation through Artificial Intelligence},
    year = {2022},
    note = {[Online]. Disponible en: \url{https://pixelabs.es/machine-learning-3/}(consulta: 2022-03-12)}
}

@misc{wiki_path,
    author = {Chris Nicholson},
    title = {Reinforcement learning definitions},
    year = {2022},
    note = {[Online]. Disponible en: \url{https://wiki.pathmind.com/reinforcement-learning-definitions}(consulta: 2022-03-12)}
}

@misc{env-list,
    author = {Lukas Schäfer},
    title = {Multi-Agent Learning Environments},
    year = {2022},
    note = {[Online]. Disponible en: \url{https://agents.inf.ed.ac.uk/blog/multiagent-learning-environments/#libraries}(consulta: 2022-03-12)}
}

@misc{malmo,
    author = {Noboru Sean Kuno},
    title = {Winners announced in multi-agent reinforcement learning challenge},
    year = {2022},
    note = {[Online]. Disponible en: \url{https://www.microsoft.com/en-us/research/blog/winners-announced-in-multi-agent-reinforcement-learning-challenge/}(consulta: 2022-03-12)}
}

@phdthesis{wow-upc, title={Reinforcement learning applied as a game mechanic and design element in a custom boss for World of Warcraft}, url={http://hdl.handle.net/2117/335239}, abstractNote={Reinforcement Learning is one of the main categories of Machine Learning algorithms and
has seen many applications throughout a wide variety of  elds. On the other side, the
industry of video games has been in a continuous growth for many years. The world of
video games o ers many diverse environments that can be used to develop and research
new and powerful algorithms. Moreover, in these last years very interesting projects have
been testing the current limits of the application of Reinforcement Learning within com-
plex game environments. In this project, I propose the usage of Reinforcement Learning
as one of the main features of the AI system of a boss  ght within the massively multi-
player online game: World of Warcraft. The project is focused into taken into account
this AI approach as a relevant element during the design of a boss encounter. The idea is
to be able to apply Reinforcement Learning to allow the NPC to make a better use of its
available mechanics, allowing it to surprise players while still being able to lose the  ght.
To do that, I design and implement a complex  ght with various mechanics for a 15man
raid, where the RL AI will have control over the choice of which mechanic to execute
during the 2 main stages of the  ght. The project is done using an MMORPG framework
based on TrinityCore, built in C++. The ML aspect is implemented using Python scripts,
adapting an implementation of the current state-of-the-art Rainbow algorithm, as well as
including the capability of asynchronous learning. Both systems are put together using
the CPython libraries availables within the C language. The experiments are done in an
online World of Warcraft: cataclysm private server, with an average of 100 players online.
The results indicate that, using the corresponding architecture and resources, is viable to
apply RL to the MMORPG environment of World of Warcraft. Is also possible to design
a RL AI model that respects the constraints established and can modify its behaviour in
order to gain the best performance out of its actions. The application of asynchronous
Rainbow worked correctly and allowed the agent to be trained based on the corresponding
parameters within a parallel environment that could have many agents within their own
instance of the environment. The usage of a prede ned behaviour through scripting to
train the network in early stages was useful to keep the early choices under control and
train all the necessary actions considering the constraints. There is still margin to make
more complex and larger types of researches using RL and MMORPG games, together
with the application of other di erent approaches.}, school={Universitat Politécnica de Catalunya, Facultat d'Informàtica de Barcelona, Departament de Ciències de la Computació}, author={Goncevatt, Carlos Alejandro}, year={2020}, month={Jun}}

@phdthesis{netlogo, title={Diseño y desarrollo de una interfaz de usuario y una herramienta de visualización para Netlogo to Pandora (N2P) un entorno de simulaciones basadas en agentes (ABM)}, url={http://hdl.handle.net/2117/340097}, abstractNote={En el mundo de las ciencias sociales, cada vez es más frecuente el uso de simuladores sociales como método de validación de hipótesis. En el BSC (Barcelona Supercomputing Center), existe un software de simulación social, llamado Pandora, el cual sigue bajo desarrollo. Este proyecto tiene el objetivo de proporcionar una interfaz de usuario para Pandora, que permita diseñar experimentos, ejecutar simulaciones, y visualizar los resultados. En el proyecto, se realizarán las fases de diseño y desarrollo de toda la interfaz, y se explicará el desarrollo del nuevo sistema de visualización para las simulaciones de Pandora. La nueva interfaz puede facilitar el acceso de nuevos investigadores al entorno de Pandora, proporcionando un sistema sencillo para realizar simulaciones ABM y poder visualizarlas de una forma clara y comprensible.}, school={UPC, Facultat d'Informàtica de Barcelona, Departament d'Estadística i Investigació Operativa}, author={Navarro Izquierdo, Pablo}, year={2020}, month={Oct}}

@article{neural-mmo,
  author    = {Joseph Suarez and
               Yilun Du and
               Phillip Isola and
               Igor Mordatch},
  title     = {Neural {MMO:} {A} Massively Multiagent Game Environment for Training
               and Evaluating Intelligent Agents},
  journal   = {CoRR},
  volume    = {abs/1903.00784},
  year      = {2019},
  url       = {http://arxiv.org/abs/1903.00784},
  eprinttype = {arXiv},
  eprint    = {1903.00784},
  timestamp = {Sat, 30 Mar 2019 19:27:21 +0100},
  biburl    = {https://dblp.org/rec/journals/corr/abs-1903-00784.bib},
  bibsource = {dblp computer science bibliography, https://dblp.org}
}

@article{among-us,
  author    = {Kavya Kopparapu and
               Edgar A. Du{\'{e}}{\~{n}}ez{-}Guzm{\'{a}}n and
               Jayd Matyas and
               Alexander Sasha Vezhnevets and
               John P. Agapiou and
               Kevin R. McKee and
               Richard Everett and
               Janusz Marecki and
               Joel Z. Leibo and
               Thore Graepel},
  title     = {Hidden Agenda: a Social Deduction Game with Diverse Learned Equilibria},
  journal   = {CoRR},
  volume    = {abs/2201.01816},
  year      = {2022},
  url       = {https://arxiv.org/abs/2201.01816},
  eprinttype = {arXiv},
  eprint    = {2201.01816},
  timestamp = {Mon, 10 Jan 2022 13:39:01 +0100},
  biburl    = {https://dblp.org/rec/journals/corr/abs-2201-01816.bib},
  bibsource = {dblp computer science bibliography, https://dblp.org}
}
